<record><leader>00000cas a2200000 a 4500</leader><controlfield tag="001">12157114</controlfield><controlfield tag="008">850614d18871891ksuwr ne      0    0eng d</controlfield><datafield ind1=" " ind2=" " tag="010"><subfield code="a">sn 85030490 </subfield></datafield><datafield ind1=" " ind2=" " tag="040"><subfield code="a">KSH</subfield><subfield code="b">eng</subfield><subfield code="c">KSH</subfield><subfield code="d">NPT</subfield><subfield code="d">OCL</subfield><subfield code="d">OCLCQ</subfield></datafield><datafield ind1=" " ind2=" " tag="042"><subfield code="a">msc</subfield></datafield><datafield ind1="0" ind2="4" tag="245"><subfield code="a">The Dwight wasp.</subfield></datafield><datafield ind1=" " ind2=" " tag="260"><subfield code="a">Dwight, Kan. :</subfield><subfield code="b">Dwight Print. Co.,</subfield><subfield code="c">1887-1891.</subfield></datafield><datafield ind1=" " ind2=" " tag="300"><subfield code="a">5 v. :</subfield><subfield code="b">ill. (chiefly advertisements) ;</subfield><subfield code="c">57 cm.</subfield></datafield><datafield ind1=" " ind2=" " tag="310"><subfield code="a">Weekly</subfield></datafield><datafield ind1="0" ind2=" " tag="362"><subfield code="a">Vol. 1, no. 1 (Mar. 31, 1887)-v. 5, no. 29 (Oct. 10, 1891).</subfield></datafield><datafield ind1=" " ind2=" " tag="500"><subfield code="a">Published by: H.F. Parsons, Jan. 26-Aug. 17, 1889; J.D. &amp; H.F. Parsons, Aug. 24, 1889-Oct. 10, 1891.</subfield></datafield><datafield ind1=" " ind2=" " tag="752"><subfield code="a">United States</subfield><subfield code="b">Kansas</subfield><subfield code="c">Morris</subfield><subfield code="d">Dwight.</subfield></datafield><datafield ind1="0" ind2="0" tag="785"><subfield code="t">Dwight independent</subfield><subfield code="w">(DLC)sn 85031615</subfield></datafield></record>